
@inproceedings{Guerin2013,
    title = {eBDtheque: a representative database of comics},
    author = {Gu{\'e}rin, Cl{\'e}ment and Rigaud, Christophe and Mercier, Antoine and al.},
    booktitle = {Proceedings of International Conference on Document Analysis and Recognition (ICDAR)},
    address = {Washington DC},
    year = {2013},
}
@article{Hu1962,
  title={Visual pattern recognition by moment invariants},
  author={Hu, Ming-Kuei},
  journal={Information Theory, IRE Transactions on},
  volume={8},
  number={2},
  pages={179--187},
  year={1962},
  publisher={IEEE}
}
@article{Zahn1972,
    author = {Zahn, C. T. and Roskies, R. Z.},
    journal = {Transactions on Computers, IEEE},
    month = mar,
    number = {3},
    pages = {269--281},
    title = {{Fourier Descriptors for Plane Closed Curves}},
    volume = {c-21},
    year = {1972}
}
@inbook{McCloud2006,
 author = {Cyb},
 title = {Making Comics: Storytelling Secrets of Comics, Manga and Graphic Novels},
 year = {2006},
 publisher = {William Morrow Paperbacks},
 pages = {128--153},
}
@article{Wolf2006,
author = {Wolf, Christian and Jolion, Jean-Michel},
doi = {10.1007/s10032-006-0014-0},
file = {:media/Donnees/DATA/PhD/Biblio/Ground truth evaluation/2005\_Wolf\_Object count\_area graphs for the evaluation of object detection - ICDAR 2011.pdf:pdf},
issn = {1433-2833},
journal = {International Journal of Document Analysis and Recognition (IJDAR)},
keywords = {conceived in the framework,evaluation,object detection,of two industrial contracts,text detection,the work presented in,this article has been,with france t},
month = apr,
number = {4},
pages = {280--296},
title = {{Object count/area graphs for the evaluation of object detection and segmentation algorithms}},
url = {http://www.springerlink.com/index/10.1007/s10032-006-0014-0},
volume = {8},
year = {2006}
}

@incollection{Leroy1996,
year={1996},
isbn={978-3-540-76076-4},
booktitle={ICAOS'96},
volume={219},
series={Lecture Notes in Control and Information Sciences},
editor={Berger, Marie-Odile and Deriche et al.},
title={Multi-resolution algorithms for active contour models},
publisher={Springer Berlin Heidelberg},
author={Leroy, Bertrand and Herlin, IsabelleL. and Cohen, LaurentD.},
pages={58-65}
}
@article{Xu1998,
title={Snakes, shapes, and gradient vector flow.}, 
volume={7}, 
number={3}, 
journal={IEEE Transactions on Image Processing}, 
publisher={IEEE}, 
author={Xu, C and Prince, J L}, 
year={1998}, 
pages={359--369}
}
@article{Cremers2002,
	author = {Daniel Cremers and Florian Tischh\"auser and Joachim Weickert and Christoph Schn\"orr},
    title = {Diffusion snakes: introducing statistical shape knowledge into the Mumford-Shah functional },
	journal = {International Journal of Computer Vision},
    year = {2002},
    volume = {50},
    pages = {295--313}
}
@article{Matsui2011,
address = {New York, New York, USA},
author = {Matsui, Yusuke and Yamasaki, Toshihiko and Aizawa, Kiyoharu},
doi = {10.1145/2037715.2037756},
file = {:media/Donnees/DATA/PhD/Biblio/Retargeting/2011\_Matsui\_Interactive manga retargeting - siggraph11.pdf:pdf},
isbn = {9781450309714},
journal = {ACM SIGGRAPH 2011 Posters on - SIGGRAPH '11},
pages = {1},
publisher = {ACM Press},
title = {{Interactive Manga retargeting}},
year = {2011}
}

@article{Sun2011,
author = {Sun, Weihan and Kise, Koichi},
doi = {10.1109/ICDAR.2011.217},
isbn = {978-1-4577-1350-7},
journal = {2011 International Conference on Document Analysis and Recognition},
keywords = {-copyright protection,bag-,manga,of-features,similar copy,similar image retrieval},
pages = {1075--1079},
publisher = {Ieee},
title = {{Similar Manga Retrieval Using Visual Vocabulary Based on Regions of Interest}},
year = {2011}
}

@inproceedings{Guerin2012,
    title = {{Ontologies and spatial relations applied to comic books reading.}},
    author = {Gu{\'e}rin, Cl{\'e}ment},
    booktitle = {{PhD Symposium of Knowledge Engineering and Knowledge Management (EKAW)}},
    address = {Galway, Ireland},
    year = {2012},
}

@article{Cohen1991,
author = {Cohen, Laurent D},
doi = {10.1016/1049-9660(91)90028-N},
issn = {10499660},
journal = {CVGIP: Image Understanding},
month = mar,
number = {2},
pages = {211--218},
publisher = {Elsevier},
title = {{On active contour models and balloons}},
volume = {53},
year = {1991}
}

@article{Kass1988,
author = {Kass, Michael and Witkin, Andrew and Terzopoulos, Demetri},
chapter = {321},
doi = {10.1007/BF00133570},
issn = {09205691},
journal = {International Journal of Computer Vision},
number = {4},
pages = {321--331},
publisher = {Springer},
title = {{Snakes: Active contour models}},
volume = {1},
year = {1988}
}
  
@inproceedings{Rigaud2013VISAPP,
    title = {Automatic Text Localisation in Scanned Comic Books},
    author = {Rigaud, Christophe and Karatzas, Dimosthenis and Van de Weijer
, Joost and Burie, Jean-Christophe and Ogier, Jean-Marc},
    keywords = {Text localization, comics, text/graphic separation, complex background, unstructured document},
    booktitle = {Proceedings of the 8th International Conference on Computer Vision Theory and Applications (VISAPP)},
    publisher = {SCITEPRESS Digital Library},
    year = {2013}
}

@article{Rigaud2012CIFED,
    title = {{Extraction robuste des cases et du texte de bandes dessin{\'e}es}},
    author = {Rigaud, Christophe and Tsopze, Norbert and Burie, Jean-Christophe and Ogier, Jean-Marc},
    keywords = {bandes dessin{\'e}es, extraction de cases, extraction de bulles, segmentation, composantes connexes, k-means},
    language = {Fran{\c c}ais},
    affiliation = {Laboratoire Informatique, Image et Interaction - L3I},
    pages = {349-360},
    journal = {CIFED},
    audience = {nationale },
    year = {2012}
}

@incollection{Rigaud2012LNCS,
year={2013},
isbn={978-3-642-36823-3},
booktitle={Graphics Recognition. New Trends and Challenges},
volume={7423},
series={Lecture Notes in Computer Science},
editor={Kwon, Young-Bin and Ogier, Jean-Marc},
doi={10.1007/978-3-642-36824-0_13},
title={Robust Frame and Text Extraction from Comic Books},
publisher={Springer Berlin Heidelberg},
keywords={comic books; comics frame extraction; comics text extraction; segmentation; connected-component labeling; k-means},
author={Rigaud, Christophe and Tsopze, Norbert and Burie, Jean-Christophe and Ogier, Jean-Marc},
pages={129-138}
}

@article{Mildenberger2002,
	AUTHOR = "Mildenberger, Peter and Eichelberg, Marco and Martin, Eric",
	TITLE = "Introduction to the DICOM standard.",
	JOURNAL = "Eur Radiol",
	VOLUME = "12",
	YEAR = "2002",
	NUMBER = "4",
	PAGES = "920-7",
	PubMedID = "11960249",
	ISSN = "0938-7994",
}

@article{Chabriais2004,
	title = "DICOM, le standard pour l'imagerie médicale",
	journal = "EMC - Radiologie",
	volume = "1",
	number = "6",
	pages = "577 - 603",
	year = "2004",
	note = "",
	issn = "1762-4185",
	doi = "DOI: 10.1016/j.emcrad.2004.09.002",
	url = "https://budistant.univ-angers.fr:443/http/www.sciencedirect.com/science/article/pii/S1762418504001025",
	author = "J. Chabriais and B. Gibaud",
	keywords = "DICOM",
	keywords = "Standard en imagerie médicale",
	keywords = "Réseau d'images",
	keywords = "Système d'information en imagerie",
	keywords = "Compte rendu structuré d'imagerie",
	keywords = "DICOM",
	keywords = "Medical Imaging standards",
	keywords = "Imaging network",
	keywords = "Imaging information system",
	keywords = "Imaging structured description"
}

@inproceedings{Ray1999,
  address = {Philadelphia, PA, USA},
  author = {S Ray and R H Turi},
  booktitle = {Proceedings of the 4th International Conference on Advances in Pattern Recognition and Digital Techniques (ICAPRDT'99)},
  publisher = {Narosa Publishing House, New Delhi, India, ISBN: 81-7319-347-9},
  title = {Determination of number of clusters in K-means clustering and application in colour image segmentation (invited paper)},
  year = 2007
}

@inproceedings{Arthur2007,
  address = {Philadelphia, PA, USA},
  author = {David Arthur and Sergei Vassilvitskii},
  booktitle = {SODA '07: Proceedings of the eighteenth annual ACM-SIAM symposium on Discrete algorithms},
  interhash = {0be633834158a3c9cba959406c3e1964},
  intrahash = {553bbfa74b13c47b4e9c7c0034a8406e},
  pages = {1027--1035},
  publisher = {Society for Industrial and Applied Mathematics},
  title = {k-means++: the advantages of careful seeding},
  year = 2007,
  timestamp = 	{2010-01-19T11:49:24.000+0100},
  keywords = 	{algorithm careful clustering inex08paper kmeans kmeans++ paper seeding},
  added-at = 	{2010-01-19T11:49:24.000+0100},
  location = 	{New Orleans, Louisiana},
  description = {A very precise implementation of k-means with carefull seeding},
  isbn = {978-0-898716-24-5},
  biburl = {http://www.bibsonomy.org/bibtex/2553bbfa74b13c47b4e9c7c0034a8406e/sdo}
}

@article{Ranjan2010,
	author =       	"Ranjan Maitra, Anna D. Peterson and Arka P. Ghosh",
	title =        	"A systematic evaluation of different methods for initializing the K -means clustering algorithm",
	journal = 	"Computer Methods and Programs in Biomedicine",
	year = 	 	"2010",
}

@article{Sanfeliu2002,
	title = 	"Graph-based representations and techniques for image processing and image analysis",
	journal = 	"Pattern Recognition",
	volume = 	"35",
	number = 	"3",
	pages = 	"639 - 650",
	year = 		"2002",
	note = 		"",
	issn = 		"0031-3203",
	doi = 		"DOI: 10.1016/S0031-3203(01)00066-8",
	url = 		"https://budistant.univ-angers.fr:443/http/www.sciencedirect.com/science/article/B6V14-44HT4PW-11/2/08005640299873f107c2a49713c31122",
	author = 	"A. Sanfeliu and R. Alquézar and J. Andrade and J. Climent and F. Serratosa and J. Vergés"
}

@article{Fasquel2006,
	author =       	"J.-B. Fasquel and V. Agnus and J. Moreau and L. Soler and J. Marescaux",
	title =        	"An interactive medical image segmentation system based on the optimal management of regions of interest using topological medical knowledge",
	journal = 	"Computer Methods and Programs in Biomedicine",
	year = 	 	"2006",
	volume = 	"82",
	pages = 	"216-230"
}

@article{Bengoetxea2005,
	author = {Roberto Marcondes Cesar Junior and Endika Bengoetxea and Isabelle Bloch and Pedro Larrañaga},
	interhash = {7760b29dc3953b85bdd66d2d7b752d18},
	intrahash = {668f17ed4fe302a8b9b951a2e8d13784},
	journal = {Pattern Recognition},
	number = 11,
	pages = {2099-2113},
	title = {Inexact graph matching for model-based recognition: Evaluation and comparison of optimization algorithms.},
	url = {http://dblp.uni-trier.de/db/journals/pr/pr38.html#JuniorBBL05},
	volume = 38,
	year = 2005,
	keywords = {dblp},
	ee = {http://dx.doi.org/10.1016/j.patcog.2005.05.007},
	added-at = {2006-01-06T00:00:00.000+0100},
	description = {dblp},
	biburl = {http://www.bibsonomy.org/bibtex/2668f17ed4fe302a8b9b951a2e8d13784/dblp},
	date = {2006-01-06}
}

@article{Cuevas2010,
	author = 	"Erik Cuevas and Daniel Zaldivar and Marco Perez-Cisneros",
	title = 	"A novel multi-threshold segmentation approach based on differential evolution optimization",
	journal = 	"Expert Systems with Applications",
	volume = 	"37",
	number = 	"7",
	pages = 	"5265 - 5271",
	year = 		"2010",
}

@article{Moreno2008,
	author = 	"A. Moreno and C.M. Takemura and O. Colliot and O. Camara and I. Bloch",
	title = 	"Using anatomical knowledge expressed as fuzzy constraints to segment the heart in CT images",
	journal = 	"Pattern Recognition",
	volume = 	"41",
	number = 	"8",
	pages = 	"2525 - 2540",
	year = 		"2008",
}

@article{Kobashi1995,
	author = 	"Masaharu Kobashi and Linda G. Shapiro",
	title = 	"Knowledge-based organ identification from CT images",
	journal = 	"Pattern Recognition",
	volume = 	"28",
	number = 	"4",
	pages = 	"475 - 491",
	year = 		"1995",
}

@article{Zhang2008,
	author = 	"Hui Zhang and Jason E. Fritts and Sally A. Goldman",
	title = 	"Image segmentation evaluation: A survey of unsupervised methods",
	journal = 	"Computer Vision and Image Understanding",
	volume = 	"110",
	number = 	"2",
	pages = 	"260 - 280",
	year = 		"2008",
}

@article{Coudray2010,
	author = 	"Nicolas Coudray and Jean-Luc Buessler and Jean-Philippe Urban",
	title = 	"Robust threshold estimation for images with unimodal histograms",
	journal = 	"Pattern Recognition Letters",
	volume = 	"31",
	number = 	"9",
	pages = 	"1010 - 1019",
	year = 		"2010",
}

@article{Bhattacharyya2011,
	author = 	"Siddhartha Bhattacharyya and Ujjwal Maulik and Paramartha Dutta",
	title = 	"Multilevel image segmentation with adaptive image context based thresholding",
	journal = 	"Applied Soft Computing",
	volume = 	"11",
	number = 	"1",
	pages = 	"946 - 962",
	year = 		"2011",
}

@article{Cheng1998,
	author = 	"H. D. Cheng and Jim-Rong Chen and Jiguang Li",
	title = 	"Threshold selection based on fuzzy c-partition entropy approach",
	journal =	"Pattern Recognition",
	volume = 	"31",
	number = 	"7",
	pages = 	"857 - 870",
	year = 		"1998",
}

@article{Gupta1998,
	author =       	"L. Gupta and T. Sortrakul",
	title =        	"A gaussian-mixture-based image segmentation algorithm",
	journal = 	 "Pattern Recognition",
	year = 	 	"1998",
	volume = 	 "31",
	pages = 	 "315-325",
}

@article{Huang2008,
	author =       	"Z.-K. Huang and K.-W. Chau",
	title =        	"A new image thresholding method based on Gaussian mixture model",
	journal = 	 "Applied Mathematics and Computation",
	year = 	 	"2008",
	volume = 	 "205",
	pages = 	 "899-907",
	month = 	 "",
}

@article{Huang2009,
	author = 	"Deng-Yuan Huang and Chia-Hung Wang",
	title = 	"Optimal multi-level thresholding using a two-stage Otsu optimization approach",
	journal = 	"Pattern Recognition Letters",
	volume = 	"30",
	number = 	"3",
	pages = 	"275 - 284",
	year = 		"2009",
}

@InProceedings{C2,
	author = 	"Jones, C.D. and Smith, A.B. and Roberts, E.F.",
	title =        	"Article Title",
	booktitle =    	"Proceedings Title",
	organization = 	"IEEE",
	year = 	 	"2003",
	volume = 	"II",
	pages = 	"803-806",
}

@article{Hudelot2008,
	title = 	"Fuzzy spatial relation ontology for image interpretation",
	author = 	"C. Hudelot and J. Atif and I. Bloch",
	journal = 	"Fuzzy Sets and Systems",
	volume = 	"159",
	year = 		"2008",
	pages = 	"1929-1951",
	month = 	"",
}

@article{Atif2007,
	title = 	"Adaptation de connaissances génériques pour l’interprétation d’images médicales : représentations par ontologies et par graphes et modélisation floue",
	author = 	"J. Atif, C. Hudelot and I. Bloch",
	journal = 	".",
	volume = 	"",
	year = 		"2007",
	pages = 	"",
	month = 	"",
}

@article{hanbury2008,
	title = 	"A survey of methods for image annotation",
	author = 	"A. Hanbury",
	journal = 	"Journal of Visual Languages and Computing",
	volume = 	"19",
	year = 		"2008",
	pages = 	"617-627",
	month = 	"",
}
@article{maillot2008,
	title = 	"Ontology based complex object recognition",
	author = 	"N. E. Maillot and M. Thonnat",
	journal = 	"Journal of Visual Languages and Computing",
	volume = 	"19",
	year = 		"2008",
	pages = 	"617-627",
	month = 	"",
}

@article{deruyver2009,
	title = 	"Image interpretation with a conceptual graph: Labeling over-segmented images and detection of unexpected objects",
	author = 	"A. Deruyver and Y. Hod\'{e}b and L. Brun",
	journal = 	"Artificial Intelligence",
	volume = 	"173",
	year = 		"2009",
	pages = 	"1245-1265",
	month = 	""
}

@article{anouncia2009,
	title = 	"A knowledge model for gray scale image interpretation with emphasis on welding defect classification-An ontology based approach",
	author = 	"S. M. Anouncia and R. Saravanan",
	journal = 	"Computers in Industry",
	volume = 	"61",
	year = 		"2010",
	pages = 	"742-749",
	month = 	""
}

@BOOK{Gonzalez2008,
	author = 	"Gonzalez Woods and Eddins S. L.",
	title = 	"Digital Image Processing",
	publisher = 	"Prentice Hall",
	edition = 	"Third",
	year = 		"2008"
}

@article{rossner1990,
	title = 	"Adipose tissue determinations in cadavers—A comparison between cross-sectional planimetry and computed tomography",
	author = 	"S. Rossner, W. J. Bo, E. Hiltbrandt, W. Hinson, N. Karstaedt, P. Santago, W. T. Sobol, and J. R. Crouse",
	journal = 	"Computers in Industry",
	volume = 	"",
	year = 		"1990",
	pages = 	"",
	month = 	""
}

@article{zhu1986,
	title = 	"Accuracy of area measurements made from MR images compared with computed tomography",
	author = 	"X. P. Zhu, D. R. Checkley, D. S. Hickey, and I. Isherwood",
	journal = 	"Computers in Industry",
	volume = 	"",
	year = 		"1986",
	pages = 	"",
	month = 	""
}

@article{Brown1998,
	title = 	"Knowledge-based method for segmentation and analysis of lung boundaries in chest X-ray images",
	author = 	"Matthew S. Brown and Laurence S. Wilson and Bruce D. Doust and Robert W. Gill and Changming Sun",
	journal = 	"Computerized Medical Imaging and Graphics",
	volume = 	"22",
	number = 	"6",
	pages = 	"463 - 477",
	year = 		"1998"
}
@InProceedings{Egenhofer2009,
	author = 	"Max J. Egenhofer and Matthew P. Dube",
	title =        	"Topological relations from metric refinements",
	booktitle =    	"In Proceedings of GIS'2009",
	organization = 	"ACM",
	year = 	 	"2009",
	volume = 	"",
	pages = 	"158-167",
}

@article{Otsu1979,
	author = 	"Otsu",
	title = 	"A threshold selection method from gray-level histogram",
	journal = 	"IEEE Trans. Systems Man Cybern",
	year = 		"1979"
}
@ONLINE{Cibdi,
author = {CIBDI},
title = {Cit\'{e} Internationale de la Bande Dessin\'{e}es et de l'Image [Online]},
url = {www.citebd.org}
}
@inproceedings{Khedekar03,
author={Khedekar, S. and Ramanaprasad, V. and Setlur, S. and Govindaraju, V.},
booktitle={Proceedings of the Seventh International Conference on Document Analysis and Recognition},
title={Text - image separation in Devanagari documents},
year={2003},
month={August},
volume={},
number={},
pages={ 1265 - 1269},
keywords={},
}
@inproceedings{Han07,
 author = {Eunjung Han and Kirak Kim and HwangKyu Yang and Keechul Jung},
 title = {Frame segmentation used MLP-based X-Y recursive for mobile cartoon content},
 booktitle = {Proceedings of the 12th international conference on Human-computer interaction: intelligent multimodal interaction environments},
 series = {HCI'07},
 year = {2007},
 isbn = {978-3-540-73108-5},
 location = {Beijing, China},
 pages = {872--881},
 numpages = {10},
 acmid = {1769690},
 publisher = {Springer-Verlag},
 address = {Berlin, Heidelberg},
 keywords = {MLP, frame segmentation, mobile cartoon contents, x-y recursive},
} 
@book{Pratt91,
 author = {Pratt and William K.},
 title = {Digital image processing (2nd ed.)},
 year = {1991},
 isbn = {0-471-85766-1},
 publisher = {John Wiley \& Sons, Inc.},
 address = {NY, USA}
} 
@book{Boston10,
 author = {Olivier Jolivet},
 title = {BostonPolice},
 year = {2010},
 isbn = {2353252443},
 publisher = {Clair de Lune},
 address = {Allauch, France}
} 
@inbook{Bubble09,
 author = {Cyb},
 title = {Bubbleg\^{o}m G\^{o}m vol. 1, pp. 3},
 year = {2009},
 publisher = {Studio Cyborga},
 address = {Goven, France},
 volume = {1},
 pages = {3},
 key = {},
 url = {http://bubblegom.webcomics.fr/page/les-filles-de-troisieme},
}

@book{Cyborg07,
 author = {Cyb},
 title = {La l\'{e}gende des Yaouanks},
 year = {2008},
 publisher = {Studio Cyborga},
 address = {Goven, France}
}
@book{Noeils11,
 author = {Lamisseb},
 title = {Les noeils Tome 1},
 year = {2011},
 publisher = {Bac@BD},
 address = {Valence, France}
}
@INPROCEEDINGS{Tan07,
AUTHOR = {Takamasa Tanaka and Kenji Shoji and Fubito Toyama and Juichi Miyamichi},
TITLE = {Layout Analysis of Tree-Structured Scene Frames in Comic Images.},
booktitle = {IJCAI'07},
PAGES = {2885-2890},
YEAR = {2007}  
}

@article{Ho2012,
author = {Ho, Anh Khoi Ngo and Burie, Jean-Christophe and Ogier, Jean-Marc},
doi = {10.1109/DAS.2012.66},
isbn = {978-0-7695-4661-2},
journal = {2012 10th IAPR International Workshop on Document Analysis Systems},
keywords = {-comic book,comic page segmentation,comic panel extraction,loon extraction,mathematical morphology,region growing,speech bal-},
month = mar,
pages = {424--428},
publisher = {Ieee},
title = {{Panel and Speech Balloon Extraction from Comic Books}},
year = {2012}
}
@article{Fle88,
  author = {Fletcher, L.A. and Kasturi, R.},
  journal = {{IEEE} Transactions on Pattern Analysis and Machine Intelligence},
  number = 6,
  pages = {910-918},
  title = {A robust algorithm for text string separation from mixed text/graphics
	images},
  volume = 10,
  year = 1988,
  month = nov
}
@article{Duda72,
 author = {Duda, Richard O. and Hart, Peter E.},
 title = {Use of the Hough transformation to detect lines and curves in pictures},
 journal = {Commun. ACM},
 volume = {15},
 issue = {1},
 month = {January},
 year = {1972},
 issn = {0001-0782},
 pages = {11--15},
 numpages = {5},
 acmid = {361242},
 publisher = {ACM},
 address = {New York, NY, USA},
 keywords = {Hough transformation, colinear points, curve detection, line detection, pattern recognition, picture processing, point-line transformation},
} 

@article{Yam04,
  author    = {Masashi Yamada and
               Rahmat Budiarto and
               Mamoru Endo and
               Shinya Miyazaki},
  title     = {Comic Image Decomposition for Reading Comics on Cellular
               Phones},
  journal   = {IEICE Transactions},
  volume    = {87-D},
  number    = {6},
  year      = {2004},
  pages     = {1370-1376},
}
@inproceedings{Pon08,
  author    = "Christophe Ponsard and Vincent Fries",
  title     = {An Accessible Viewer for Digital Comic Books},
  booktitle = {ICCHP, LNCS 5105},
  pages     = {569--577},
  year      = {2008},
  publisher = {Springer-Verlag Berlin Heidelberg},
}

@article{In11,
 author      = "Yusuke In and Takashi Oie and Masakazu Higuchi and Shuji Kawasaki and Atushi Koike and Hitomi Murakami",
 title       = "Fast frame decomposition and sorting by contour tracing for mobile phone comic images",
 journal   = "Internatinal journal of systems applications, engineering and development",
 volume      = {5},
 number	     = {2},
 pages	     = {216--223},
 year        = {2011},
 keywords    = "Comic, hough transform, image processing, layout analysis, mobile phone"
} 
@article{Arai11,
 author      = {Kohei Arai and Herman Tolle},
 title       = {Method for Real Time Text Extraction of Digital Manga Comic},
 journal   = {International Journal of Image Processing (IJIP)},
 volume      = {4},
 number	     = {6},
 pages	     = {669--676},
 numpages    = {8},
 year        = {2011},
 keywords    = "Comic, hough transform, image processing, layout analysis, mobile phone"
} 

@inproceedings{Arai10,
 author = {Kohei Arai and Herman Tolle},
 title = {Method for Automatic E-Comic Scene Frame Extraction for Reading Comic on Mobile Devices},
 booktitle = {Seventh International Conference on Information Technology: New Generations},
 series = {ITNG},
 year = {2010},
 isbn = {978-0-7695-3984-3},
 pages = {370--375},
 numpages = {6},
 acmid = {1848803},
 publisher = {IEEE Computer Society},
 address = {Washington, DC, USA},
 keywords = {content adaptation, e-comics, frame extraction},
}
@book{Kol97,
author       = "Charles Kolski",
title        = "Interfaces homme-machine",
publisher    = "Editions Hermès",
address      = "Paris",
year         = "1997",
}
@article{Journet08,
AUTHOR = "Nicholas Journet and Jean-Yves Ramel and Rémy Mullot and Véronique Eglin",
TITLE = "Document image characterization using a multiresolution analysis of the texture: application to old documents",
JOURNAL = "IJDAR",
PAGES = "9-18",
YEAR = "2008",}
@article{DF94b,
author       = "Igor Demeure  and  Jean Farhat",
title        = "Systèmes de processus légers : concepts et exemples",
journal      = "Technique et Science Informatiques",
volume       = "13",
number       = "6",
year         = "1994",
pages        = "765-795",
}

